@MISC{POP3,
        author =       "J. Myers and Carnegie Mellon and M. Rose",
        title =        "{\it Post Office Protocol - Version 3}",
        url =          "http://www.ietf.org/rfc/rfc1939.txt",
        year =         "1996",
        note =         "[Online]"
    }

@MISC{IMF,
        author =       "P. Resnick, Ed.",
        title =        "{\it Internet Message Format}",
        url =          "http://www.ietf.org/rfc/rfc5322.txt",
        year =         "2008",
        note =         "[Online]"
    }

@MISC{MAILDIR,
        title =        "{\it Maildir}",
        url =          "https://cr.yp.to/proto/maildir.html",
        note =         "[Online]"
    }
